@book{kutova,
  author = {Kutova, Marcos A. S.},
  title = {Mapeamento da Educação Superior em Minas Gerais Utilizando Métodos e Técnicas de Análise Espacial e Web Gis},
  publisher = {Programa de Pós-Graduação PUC Minas}, 
  year = {2013}
}

@book{sig,
  author = {Silva, Marcel Santos},
  title = {Sistemas de Informações Geográficas: elementos para o desenvolvimento de bibliotecas digitais geográficas distribuídas},
  publisher = {Programa de Pós-Graduação UNESP}, 
  year = {2006}
}


@book{visudados,
  author = {Aguilar, Audilio},
  title = {Visualização De Dados, Informação E Conhecimento},
  publisher = {Editora UFSC},
  year = {2017}
}

@book{redes,
  author = {Comer, Douglas E.},
  title = {Redes de Computadores e Internet},
  publisher = {Bookman},
  year = {2004}
}

@book{bdgeo,
  author = {Casanova, Marco A. and Câmara, Gilberto and Davis Jr., Clodoveu A. and Vinhas, Lúbia and Queiroz, Gilberto R.},
  title = {Banco de Dados Geográficos},
  publisher = {MundoGEO},
  year = {2005}
}

@book{turner,
  author = "Turner, Andrew J.", 
  title = "Introduction to Neogeography",
  publisher = "O'Reilly",
  year = "2006"
}

@InCollection{armstrong,
	author = "Armstrong, Marc P.",
	title = "Annals of the Association of American Geographers",
	booktitle = "Geography and Computational Science",
	pages = "146--156",
	year = "2000"
}

@misc{googlemaps,
	author = "Google",
	title = "Google {M}aps {API}s",
    howpublished = "\url{https://developers.google.com/maps/faq#getting-started}",
    note = "Acesso em 8 de Março de 2017",
    year = "2016"
}

@misc{w3c,
	author = "W3C",
	title = "Standards",
    howpublished = "\url{https://www.w3.org/standards/}",
    note = "Acesso em 5 de Maio de 2017",
    year = "2017"
}

@book{cancado,
  author = {Cançado, Regina D.},
  title = {Análise Espacial das Interrupções no Abastecimento de Água de Belo Horizonte: abordagem exploratório utilizando GIS},
  year = {2008}
}

@book{magno,
  author = {Paiva, Magno Soares Cardoso},
  title = {VIEMG: Desenvolvimento de uma Aplicação WEB para Análise de Dados Espaciais},
  year = {2015}
}

@book{laudares,
  author = {Laudares, Sandro},
  title = {Aplicações em Sistemas de Geovisualização: Um Proposta Metodológica a partir de Componentes ``Web" Genéricos},
  year = {2008}
}

@book{santos,
  author = {Santos, Paulo D. J.},
  title = {O Componente Espacial da Informação: Mapeando Relações entre Web Geográfica e Conhecimento Científico},
  year = {2011}
}

@book{scig,
  title={Sistemas e Ciência da Informação Geográfica},
  author={Longley, P.A. and Goodchild, M.F. and Maguire, D.J. and Rhind, D.W.},
  isbn={9788565837651},
  url={https://books.google.com.br/books?id=LOKqt5V6yvMC},
  year={2009},
  publisher={Bookman}
}

@book{introci,
  title={Introdução à Ciência da Geoinformação},
  author={Câmara, Gilberto and Davis Jr., Clodoveu A. and Monteiro, Antônio M. V.},
  isbn={10506-RPQ/249},
  year={2001},
  publisher={INPE}
}

@misc{andersonm,
	author = "Medeiros, Anderson M. L.",
	title = "{A}utocorrelação {E}spacial: {M}apas de {C}luster no {A}rc{GIS}",
    howpublished = "\url{https://www.andersonmedeiros.com/como-fazer-mapas-de-cluster-no-arcgis/}",
    note = "Acesso em 9 de Maio de 2017",
    year = "2015"
}

@misc{wikicoropletico,
	author = "Wikipedia",
	title = "{M}apa {C}oroplético",
    howpublished = "\url{https://pt.wikipedia.org/wiki/Mapa_coropl%C3%A9tico}",
    note = "Acesso em 15 de Novembro de 2017",
    year = "2015"
}

@book{geois,
	author = "Aronoff, S.", 
    title = "Geographic Information Systems: A Management Perspective",
    publisher = "WDL Publications",
    year = "1995"
}

@misc{maptematico,
    author = {Archela, Rosely S. and Théry, Hervé} ,
    title = {Orientação metodológica para construção e leitura de mapas temáticos},
    publisher = {Confins [Online]}, 
    howpublished = "\url{https://confins.revues.org/3483}",
    note = "Acesso em 18 de Maio de 2017",
    year = {2008}
}

@misc{d3,
	author = "Bostock, Mike",
	title = "{D}ata-{D}riven {D}ocuments",
    howpublished = "\url{https://d3js.org/}",
    note = "Acesso em 21 de Setembro de 2017",
    year = "2017"
}

@book{geopro,
  title={Exploring Geovisualization},
  author={Dykes, J. and MacEachren, A.M. and Kraak, M.J.},
  isbn={9780080531472},
  series={International Cartographic Association},
  url={https://books.google.com.br/books?id=gUza-nsEwioC},
  year={2005},
  publisher={Elsevier Science}
}

@misc{techtarget,
	author = "Rouse, Margaret",
	title = "{A}pplication {P}rogram {I}nterface ({API})",
    howpublished = "\url{https://searchmicroservices.techtarget.com/definition/application-program-interface-API}",
    note = "Acesso em 25 de Setembro de 2017",
    year = "2017"
}